% Encoding: UTF-8

@article{Valvebaidu,
  author  = {Baidu User},
  title   = {Valve},
  year    = {-},
  url     = {https://baike.baidu.com/item/%E9%98%80%E9%97%A8/243946},
}

@misc{LeckagenPrinciple,
  author          = {purplerain},
  title           = {Valve leakage analysis and solutions},
  year            = {},
  url     = {https://wenku.baidu.com/view/4dfd232c551252d380eb6294dd88d0d233d43c0a.html?_wkts_=1672759904606&bdQuery=%E9%98%80%E9%97%A8%E7%9A%84%E6%B3%84%E6%BC%8F},
}

@misc{WP,
  author  = {wsv-valve},
  title   = {Working principle of globe valves},
  year    = {2020},
  url     = {https://www.wsv-valve.com/working-principle-of-globe-valve.html},

}

@misc{causedLeakage,
  author  = {Perfect valve},
  title   = {Reasons foe leakage},
  year    = {},
  url     = {https://perfect-valve.com/what-caused-the-leakage-of-valve/},
}

@misc{PRvalve,
  author  = {beswick},
  title   = {The Basics of Pressure Relief Valves},
  year    = {},
  url     = {https://www.beswick.com/resources/the-basics-of-pressure-relief-valves/},
}

@misc{TLtype,
  author  = {TANGHAI valve},
  title   = {Working principle diagram of three-way valve},
  year    = {},
  url     = {https://www.tanghaivalve.com/working-principle-diagram-of-three-way-valve/},
}

@misc{WPfigure,
  author  = {theprocesspiping},
  title   = {Globe Valve Working Principle},
  year    = {},
  url     = {https://www.theprocesspiping.com/introduction-to-globe-valve/},
}

@misc{discs,
  author  = {theprocesspiping},
  title   = {Different types of Globe-Valve-Discs},
  year    = {},
  url     = {https://www.theprocesspiping.com/introduction-to-globe-valve/},
}

@book{steinem2007,
  title={Piezoelectric sensors},
  author={Steinem, Claudia and Janshoff, Andreas},
  volume={5},
  year={2007},
  publisher={Springer Science \& Business Media}
}

@article{bera2016,
  title={Piezoelectric effect, piezotronics and piezophototronics: a review},
  author={Bera, Binoy and Sarkar, Madhumita Das},
  journal={Imperial Journal of Interdisciplinary Research (IJIR)},
  volume={2},
  number={11},
  pages={1407--1410},
  year={2016}
}

@misc{PiezoSensor,
  author  = {cytron},
  title   = {Analog Piezoelectric Ceramic Vibration Module},
  url     = {https://www.cytron.io/c-sensor/c-others-sensor/p-analog-piezoelectric-ceramic-vibration-module},
}

@misc{PiezoEffect,
  author  = {circuitBread},
  title   = {What is Piezoelectric Effect?},
  url     = {https://www.circuitbread.com/ee-faq/what-is-piezoelectric-effect},
}