@misc{changepointdectection_evaluation,
    title = {An Evaluation of Change Point Detection Algorithms},
    author = {Gerrit J. J. van den Burg and Christopher K. I. Williams},
    year = {2020},
    eprint = {2003.06222},
    archivePrefix = {arXiv},
    primaryClass = {stat.ML}
}


@misc{Outlier_Detection_Ensemble_with_Embedded_Feature_Selection,
    title = {Outlier Detection Ensemble with Embedded Feature Selection},
    author = {Li Cheng and Yijie Wang and Xinwang Liu and Bin Li},
    year = {2020},
    eprint = {2001.05492},
    archivePrefix = {arXiv},
    primaryClass = {cs.LG}
}



@book{hands_on_machine_learning,
    title = {Hands-On Machine Learning with Scikit-Learn, Keras, and TensorFlow: Concepts, Tools, and Techniques to Build Intelligent Systems},
    author = {G{\'e}ron, Aur{\'e}lien},
    isbn = {9781492032618},
    % url = {https://www.oreilly.com/library/view/hands-on-machine-learning/9781492032632/},
    year = {2019},
    publisher = {O'Reilly Media}
}

% The inproceedings entry type is intended to be used for conference papers, but incollection works better with igm.bbx
%@inproceedings{kmeans_elkan,
@incollection{kmeans_elkan,
    author = {Elkan, Charles},
    title = {Using the Triangle Inequality to Accelerate K-Means},
    year = {2003},
    isbn = {1577351894},
    publisher = {AAAI Press},
    abstract = {The k-means algorithm is by far the most widely used method for discovering clusters
in data. We show how to accelerate it dramatically, while still always computing exactly
the same result as the standard algorithm. The accelerated algorithm avoids unnecessary
distance calculations by applying the triangle inequality in two different ways, and
by keeping track of lower and upper bounds for distances between points and centers.
Experiments show that the new algorithm is effective for datasets with up to 1000
dimensions, and becomes more and more effective as the number k of clusters increases.
For k ≥ 20 it is many times faster than the best previously known accelerated k-means
method.},
    booktitle = {Proceedings of the Twentieth International Conference on International Conference on Machine Learning},
    pages = {147–153},
    numpages = {7},
    location = {Washington, DC, USA},
    series = {ICML'03}
}



@ARTICLE{kmeans_Lloyd,
    author = {Lloyd, S.},
    journal = {IEEE Transactions on Information Theory},
    title = {Least squares quantization in PCM},
    year = {1982},
    volume = {28},
    number = {2},
    pages = {129-137},
    doi = {10.1109/TIT.1982.1056489} }

@techreport{k-means++,
    title = {k-means++: The advantages of careful seeding},
    author = {Arthur, David and Vassilvitskii, Sergei},
    year = {2006},
    institution = {Stanford},
    label = {Art},
}

@article{a_few_useful_things,
    author = {Domingos, Pedro},
    title = {A Few Useful Things to Know about Machine Learning},
    year = {2012},
    issue_date = {October 2012},
    publisher = {Association for Computing Machinery},
    address = {New York, NY, USA},
    volume = {55},
    number = {10},
    issn = {0001-0782},
    % url = {https://doi.org/10.1145/2347736.2347755},
    % doi = {10.1145/2347736.2347755},
    abstract = {Tapping into the "folk knowledge" needed to advance machine learning applications.},
    journal = {Commun. ACM},
    month = oct,
    pages = {78–87},
    numpages = {10}
}


@book{tutz2000analyse,
    title = {Die Analyse kategorialer Daten: anwendungsorientierte Einf{\"u}hrung in Logit-Modellierung
 und kategoriale Regression},
    author = {Tutz, G.},
    isbn = {9783486254051},
    series = {Lehr- und Handb{\"u}cher der Statistik: Fachgebiet Biometrie},
    % url = {https://books.google.de/books?id=ladLvgAACAAJ},
    year = {2000},
    publisher = {Oldenbourg}
}

@article{nascar__Spearmans_and_Kendalls2006,
    author = {Larry Winner},
    title = {NASCAR Winston Cup Race Results for 1975–2003},
    journal = {Journal of Statistics Education},
    volume = {14},
    number = {3},
    pages = {null},
    year = {2006},
    publisher = {Taylor & Francis},
% doi = {10.1080/10691898.2006.11910592},
%    URL = {https://doi.org/10.1080/10691898.2006.11910592},
%    eprint = {https://doi.org/10.1080/10691898.2006.11910592}
}
@article{Kendall1938,
    ISSN = {00063444},
    % URL = {http://www.jstor.org/stable/2332226},
    author = {M. G. Kendall},
    journal = {Biometrika},
    number = {1/2},
    pages = {81--93},
    publisher = {[Oxford University Press, Biometrika Trust]},
    title = {A New Measure of Rank Correlation},
    volume = {30},
    year = {1938}
}

@article{Spearman1904,
    title = {The proof and measurement of association between two things.},
    author = {C. Spearman},
    journal = {The American journal of psychology},
    year = {1904},
    volume = {15},
    pages = { 72–101}
}

@article{Newson2002_kendallstau,
    author = {Newson, Roger},
    year = {2002},
    month = {03},
    pages = {45-64},
    title = {Parameters behind “Nonparametric” Statistics: Kendall's tau, Somers’ D and Median Differences},
    volume = {2},
    journal = {Stata Journal},
% doi = {10.1177/1536867X0200200103}
}

@book{kendall1990correlation,
    added-at = {2015-12-08T19:38:22.000+0100},
    author = {Kendall, Maurice and Gibbons, Jean D.},
    biburl = {https://www.bibsonomy.org/bibtex/2b5c89320f7c7f43cf6d7865d19a1a02c/asalber},
    day = 13,
    edition = 5,
    interhash = {f59158afcd04199e4e2bc399b5348f2a},
    intrahash = {b5c89320f7c7f43cf6d7865d19a1a02c},
    keywords = {rankings similarity},
    month = {9},
    publisher = {A Charles Griffin Title},
    timestamp = {2015-12-08T19:39:11.000+0100},
    title = {Rank Correlation Methods},
    year = 1990,
    label = {Ken},
}

% sklearn:
@article{scikit-learn,
    title = {Scikit-learn: Machine Learning in {P}ython},
    author = {Pedregosa, F. and Varoquaux, G. and Gramfort, A. and Michel, V.
 and Thirion, B. and Grisel, O. and Blondel, M. and Prettenhofer, P.
 and Weiss, R. and Dubourg, V. and Vanderplas, J. and Passos, A. and
 Cournapeau, D. and Brucher, M. and Perrot, M. and Duchesnay, E.},
    journal = {Journal of Machine Learning Research},
    volume = {12},
    pages = {2825--2830},
    year = {2011},
    label = {Ped},
}



@misc{One_Class_Learning,
    author = {Ertel, Wolfgang and Lehmann, R. and Medow, R. and Finkbeiner, M. and Meyer, A.},
    year = {2014},
    month = {01},
    title = {Model Free Diagnosis of Pneumatic Systems using Machine Learning},
    label = {Ert},
}

@book{boxplot_original,
    title = {Exploratory Data Analysis},
    author = {Tukey, J.W.},
    number = {v. 2},
    isbn = {9780201076165},
    lccn = {76005080},
    series = {Addison-Wesley series in behavioral science},
    % url = {https://archive.org/details/exploratorydataa00tuke_0},
    year = {1977},
    publisher = {Addison-Wesley Publishing Company}
}

% The inproceedings entry type is intended to be used for conference papers, but incollection works better with igm.bbx
% @inproceedings{Isolation_forrest_original_paper,
@incollection{Isolation_forest_original_paper,
    author = {Liu, Fei Tony and Ting, Kai and Zhou, Zhi-Hua},
    booktitle = {2008 Eighth IEEE International Conference on Data Mining},
    year = {2009},
    month = {01},
    pages = {413 - 422},
    title = {Isolation Forest},
    label = {Liu},
% doi = {10.1109/ICDM.2008.17}
}

@article{3D_print_neural_net,
    author = {Nickchen, Tobias},
    year = {2020},
    month = {11},
    volume = {11},
    pages = {60-62},
    title = {Zuverlässiges Erkennen selbst filigraner Strukturen},
    journal = {KEM Konstruktion},
    issn = {1612-7226},
}

@article{boxplots_paper,
    author = {Langford, Eric},
    year = {2006},
    month = {11},
    title = {Quartiles in Elementary Statistics},
    volume = {14},
    number = {3},
    journal = {Journal of Statistics Education},
    publisher = {Taylor & Francis},
%doi = {10.1080/10691898.2006.11910589}
}

@misc{free_software_definition,
    author = {Stallman, Richard},
    title = {The Free Software Definition},
    year = {2010},
    url = {https://www.gnu.org/philosophy/free-sw.html},
    urldate = {2021-10-25},
    publisher = {Free Software Foundation}
}

@incollection{SHAP_paper,
    title = {A Unified Approach to Interpreting Model Predictions},
    author = {Lundberg, Scott M and Lee, Su-In},
    booktitle = {Advances in Neural Information Processing Systems 30},
    editor = {I. Guyon and U. V. Luxburg and S. Bengio and H. Wallach and R. Fergus and S. Vishwanathan and R. Garnett},
    pages = {4765--4774},
    year = {2017},
    publisher = {Curran Associates, Inc.},
% url = {http://papers.nips.cc/paper/7062-a-unified-approach-to-interpreting-model-predictions.pdf}
    label = {Lun},
}


@article{tslearn,
    author = {Romain Tavenard and Johann Faouzi and Gilles Vandewiele and
 Felix Divo and Guillaume Androz and Chester Holtz and
 Marie Payne and Roman Yurchak and Marc Ru{\ss}wurm and
 Kushal Kolar and Eli Woods},
    title = {Tslearn, A Machine Learning Toolkit for Time Series Data},
    journal = {Journal of Machine Learning Research},
    year = {2020},
    volume = {21},
    number = {118},
    pages = {1-6},
% url = {http://jmlr.org/papers/v21/20-091.html}
    label = {Tav},
}


@BOOK{einfuehrung_oelhydraulik,
    AUTHOR = {Matthies, Hans Jürgen AND Renius, Karl Theodor},
    YEAR = {2014},
    TITLE = {Einführung in die Ölhydraulik - Für Studium und Praxis},
    EDITION = {},
    ISBN = {978-3-658-06715-1},
    PUBLISHER = {Springer-Verlag},
    ADDRESS = {Berlin Heidelberg New York},
    label = {Mat},
}



@article{breiman2001random,
    author = {Breiman, Leo},
    description = {Random Forests - Springer},
    % doi = {10.1023/A:1010933404324},
    issn = {0885-6125},
    journal = {Machine Learning},
    language = {English},
    number = 1,
    pages = {5-32},
    publisher = {Kluwer Academic Publishers},
    title = {Random Forests},
    % url = {http://dx.doi.org/10.1023/A%3A1010933404324},
    volume = 45,
    year = 2001
}

@online{plotly,
    author = "{Plotly Technologies Inc.}",
    title = {Collaborative data science},
    publisher = {Plotly Technologies Inc.},
    address = {Montreal, QC},
    year = {2015},
    url = {https://plot.ly}
}


@techreport{DIN_EN_81_20,
    TITLE = "{Sicherheitsregeln für die Konstruktion und den Einbau von Aufzügen -- Aufzüge für den Personen- und Gütertransport -- Teil 20: Personen- und Lastenaufzüge; Deutsche Fassung EN 81-20:2020}",
    TYPE = "{DIN EN}",
    NUMBER = "{81-20}",
    AUTHOR = "{DIN-Normenausschuss Maschinenbau (NAM)}",
    % DOI = "{10.31030/3060918}",
    publisher = "{Beuth Verlag GmbH}",
    INSTITUTION = "{DIN Deutsches Institut für Normung e. V.}",
    year = 2020,
    label = {DIN},
    month = {6},
}


@techreport{Planungsinformationen,
    TITLE = "{Planungsinformationen iValve – i250 / i500}",
    AUTHOR = "{Bucher Hydraulics AG}",
    INSTITUTION = "{Bucher Hydraulics AG}",
    year = 2021,
    month = 4,
}
@techreport{ELOM_12008,
    TITLE = "{Datenformat WinDelta32 (ELOM 12008)}",
    AUTHOR = "{Bucher Hydraulics AG}",
    INSTITUTION = "{Bucher Hydraulics AG}",
    year = 2012,
    month = 2,
}

@incollection{sqlalchemy,
    place = {Mountain View},
    title = {SQLAlchemy},
    booktitle = {The Architecture of Open Source Applications Volume II: Structure, Scale, and a Few More Fearless Hacks},
    publisher = {aosabook.org},
    url = "http://aosabook.org/en/sqlalchemy.html",
    author = {Bayer, Michael},
    editor = {Brown, Amy and Wilson, Greg},
    year = {2012}
}

@PHDTHESIS{Active_damping_of_vibrations_in_elevator_cars,
    copyright = {In Copyright - Non-Commercial Use Permitted},
    year = {1997},
    author = {Hamdy, Ayman S.},
    size = {203 S.},
    keywords = {AUFZÜGE + GEBÄUDELIFTE (BAUTEILE); MASCHINENSCHWINGUNGEN, DÄMPFUNG (MASCHINENBAU); ELEVATORS + LIFTS (BUILDING ELEMENTS); MACHINERY VIBRATIONS (MECHANICAL ENGINEERING)},
    language = {en},
    address = {Zürich},
    publisher = {ETH Zürich},
    %    DOI = {10.3929/ethz-a-001767224},
    title = {Active damping of vibrations in elevator cars},
    Note = {Diss. Techn. Wiss. ETH Zürich, Nr. 12066, 1997. Ref.: H. P. Geering ; Korref.: G. Schweitzer.},
    school = {ETH Zurich}
}

@ARTICLE{CommunicationInThePresenceOfNoise,
    author = {Shannon, C.E.},
    journal = {Proceedings of the IRE},
    title = {Communication in the Presence of Noise},
    year = {1949},
    volume = {37},
    number = {1},
    pages = {10-21},
%    doi = {10.1109/JRPROC.1949.232969}
}


@online{Crowdflower_datascience_report_2016,
    title = {Data science report 2016},
    author = "{Crowdflower Inc.}",
    year = {2016},
    url = {https://visit.figure-eight.com/rs/416-ZBE-142/images/CrowdFlower_DataScienceReport_2016.pdf},
    urldate = {2021-10-25},
}

@book{PythonMachineLearning3rd,
    address = {Birmingham, UK},
    author = {Raschka, Sebastian and Mirjalili, Vahid},
    edition = {3},
    isbn = {978-1789955750},
    publisher = {Packt Publishing},
    title = {{Python Machine Learning, 3rd Ed.}},
    year = {2019},
    label = {Ras},
}

%@inproceedings{banko-brill-2001-scaling,
@incollection{banko-brill-2001-scaling,
    title = "Scaling to Very Very Large Corpora for Natural Language Disambiguation",
    author = "Banko, Michele  and Brill, Eric",
    booktitle = "Proceedings of the 39th Annual Meeting of the Association for Computational Linguistics",
    month = jul,
    year = "2001",
    address = "Toulouse, France",
    publisher = "Association for Computational Linguistics",
    %url = "https://aclanthology.org/P01-1005",
    %doi = "10.3115/1073012.1073017",
    pages = "26--33",
    label = {Ban},
}



@book{Samplem.2012,
 author 		= {Samplem, John},
 year 			= {2012},
 title 			= {sample book},
 subtitle 		= {write sample books},
 address 		= {Any city},
 publisher 		= {Any Publisher}
}

@article{Samplef.2011,
 author = {Sample, Eva},
 year = {2011},
 title = {sample article},
 pages = {1--12},
 volume = {999},
 number = {11},
 journal = {sample journal}
}

@misc{Sample.2012,
 title 			= {Sample for everything else},
 year 			= {2010},
 url 			= {http://www.igm.rwth-aachen.de},
 urldate 		= {2019-04-19},
 label			= {IGM}
}

@book{Mustermann.2012,
 author 		= {Mustermann, Max},
 year 			= {2012},
 title 			= {Musterbuch},
 subtitle 		= {Musterm{\"a}{\ss}ig B{\"u}cher schreiben},
 address 		= {Musterstadt},
 publisher 		= {Musterverlag}
}

@article{Musterfrau.2011,
 author = {Musterfrau, Eva},
 year = {2011},
 title = {Musterartikel},
 pages = {1--12},
 volume = {999},
 number = {11},
 journal = {Musterjournal}
}

@misc{Muster.2012,
 title 			= {Muster f{\"u}r alles},
 year 			= {2010},
 url 			= {http://www.igm.rwth-aachen.de},
 urldate 		= {2019-04-19},
 label			= {IGM}
}

@book{skependel,
  author         = {Sebastian Findeisen},
  editor         = {-},
  publisher      = {AutUni},
  title          = {Zykluszeitreduzierung beim Druckgießen durch mehrteiligen Werkzeugaufbau},
  year           = {2015}
}